<record><leader>00000cas a2200000 a 4500</leader><controlfield tag="001">11956502</controlfield><controlfield tag="008">850424d1871190uiluwr ne      0   a0eng c</controlfield><datafield ind1=" " ind2=" " tag="010"><subfield code="a">sn 85033420 </subfield></datafield><datafield ind1=" " ind2=" " tag="040"><subfield code="a">NPU</subfield><subfield code="b">eng</subfield><subfield code="c">NPU</subfield><subfield code="d">NPV</subfield><subfield code="d">NVF</subfield><subfield code="d">MGN</subfield><subfield code="d">NVF</subfield><subfield code="d">OCLCQ</subfield><subfield code="d">NVF</subfield><subfield code="d">OCLCQ</subfield><subfield code="d">OCLCF</subfield><subfield code="d">OCLCO</subfield><subfield code="d">NVF</subfield></datafield><datafield ind1=" " ind2=" " tag="042"><subfield code="a">pcc</subfield></datafield><datafield ind1=" " ind2=" " tag="043"><subfield code="a">n-us-il</subfield></datafield><datafield ind1="0" ind2=" " tag="130"><subfield code="a">Prairie chief (Cambridge, Ill.)</subfield></datafield><datafield ind1="1" ind2="4" tag="245"><subfield code="a">The prairie chief.</subfield></datafield><datafield ind1="1" ind2=" " tag="246"><subfield code="i">Published as:</subfield><subfield code="a">Cambridge chief</subfield><subfield code="f">Feb. 15, 1890</subfield></datafield><datafield ind1=" " ind2=" " tag="260"><subfield code="a">Cambridge, Ill. :</subfield><subfield code="b">B.W. Seaton</subfield></datafield><datafield ind1=" " ind2=" " tag="300"><subfield code="a">v.</subfield></datafield><datafield ind1=" " ind2=" " tag="310"><subfield code="a">Weekly,</subfield><subfield code="b">Nov. 4, 1876-&lt;Dec. 30, 1893&gt;</subfield></datafield><datafield ind1=" " ind2=" " tag="321"><subfield code="a">Weekly,</subfield><subfield code="b">&lt;Dec. 15, 1871&gt;-July 8, 1876</subfield></datafield><datafield ind1=" " ind2=" " tag="321"><subfield code="a">Semiweekly,</subfield><subfield code="b">July 12-Oct. 28, 1876</subfield></datafield><datafield ind1="1" ind2=" " tag="362"><subfield code="a">Began in 1871.</subfield></datafield><datafield ind1=" " ind2=" " tag="515"><subfield code="a">Suspended Dec. 12, 1873; resumed Jan. 10, 1874.</subfield></datafield><datafield ind1=" " ind2=" " tag="515"><subfield code="a">May 3, 1879-&lt;Dec. 30, 1893&gt; called also whole no. 624-&lt;1388&gt;</subfield></datafield><datafield ind1=" " ind2=" " tag="580"><subfield code="a">Published simultaneously as: Orion chief, &lt;Aug. 8, 1873-Jan. 16, 1875&gt;</subfield></datafield><datafield ind1=" " ind2=" " tag="580"><subfield code="a">Daily county fair ed.: Daily chief (Cambridge, Ill.), &lt;Aug. 24-27, 1875&gt;</subfield></datafield><datafield ind1=" " ind2=" " tag="588"><subfield code="a">Description based on: Vol. 5, no. 223 (Dec. 15, 1871).</subfield></datafield><datafield ind1=" " ind2=" " tag="588"><subfield code="a">Latest issue consulted: Dec. 30, 1893.</subfield></datafield><datafield ind1=" " ind2="0" tag="651"><subfield code="a">Cambridge (Ill.)</subfield><subfield code="v">Newspapers.</subfield></datafield><datafield ind1=" " ind2="7" tag="651"><subfield code="a">Illinois</subfield><subfield code="z">Cambridge.</subfield><subfield code="2">fast</subfield><subfield code="0">(OCoLC)fst01272186</subfield></datafield><datafield ind1=" " ind2="7" tag="655"><subfield code="a">Newspapers.</subfield><subfield code="2">fast</subfield><subfield code="0">(OCoLC)fst01423814</subfield></datafield><datafield ind1=" " ind2=" " tag="752"><subfield code="a">United States</subfield><subfield code="b">Illinois</subfield><subfield code="c">Henry County</subfield><subfield code="d">Cambridge.</subfield></datafield><datafield ind1="1" ind2=" " tag="775"><subfield code="t">Daily chief (Cambridge, Ill.)</subfield><subfield code="w">(DLC)sn 93055468</subfield><subfield code="w">(OCoLC)27717050</subfield></datafield><datafield ind1="0" ind2="0" tag="780"><subfield code="t">Prairie chief (Toulon, Ill.)</subfield><subfield code="w">(DLC)sn 93055532</subfield><subfield code="w">(OCoLC)27717128</subfield></datafield><datafield ind1="0" ind2="5" tag="780"><subfield code="t">Cambridge Democrat</subfield></datafield><datafield ind1="0" ind2="0" tag="785"><subfield code="t">Chief (Cambridge, Ill.)</subfield></datafield><datafield ind1="1" ind2=" " tag="787"><subfield code="t">Orion chief</subfield><subfield code="w">(DLC)sn 93055469</subfield><subfield code="w">(OCoLC)27716977</subfield></datafield><datafield ind1="1" ind2=" " tag="029"><subfield code="a">AU@</subfield><subfield code="b">000025951757</subfield></datafield></record>